@misc{beutel2021flower,
      title={Flower: A Friendly Federated Learning Research Framework}, 
      author={Daniel J. Beutel and Taner Topal and Akhil Mathur and Xinchi Qiu and Titouan Parcollet and Pedro P. B. de Gusmão and Nicholas D. Lane},
      year={2021},
      eprint={2007.14390},
      archivePrefix={arXiv},
      primaryClass={cs.LG}
}

@misc{mcmahan2017communicationefficient,
      title={Communication-Efficient Learning of Deep Networks from Decentralized Data}, 
      author={H. Brendan McMahan and Eider Moore and Daniel Ramage and Seth Hampson and Blaise Agüera y Arcas},
      year={2017},
      eprint={1602.05629},
      archivePrefix={arXiv},
      primaryClass={cs.LG}
}

@ARTICLE{9153560,
  author={M. {Aledhari} and R. {Razzak} and R. M. {Parizi} and F. {Saeed}},
  journal={IEEE Access}, 
  title={Federated Learning: A Survey on Enabling Technologies, Protocols, and Applications}, 
  year={2020},
  volume={8},
  number={},
  pages={140699-140725},
  doi={10.1109/ACCESS.2020.3013541}}
